@article{shalev-pegasos-2011,
author = {Shalev-Shwartz, Shai and Srebro, Nathan and Cotter, Andrew},
year = {2011},
month = {03},
pages = {3-30},
title = {Pegasos: Primal estimated sub-gradient solver for SVM},
volume = {127},
journal = {Math. Program.}
}

@article{maaten-2008-tsne,
author = {van der Maaten, Laurens and Hinton, Geoffrey},
year = {2008},
month = {11},
pages = {2579-2605},
title = {Visualizing data using t-SNE},
volume = {9},
journal = {Journal of Machine Learning Research}
}

@book{vapnik-1999-statistical-learning,
  author = {Vapnik, Vladimir N.},
  edition = {Second},
  month = {November},
  publisher = {Springer},
  title = {The Nature of Statistical Learning Theory},
  year = 1999
}